@phdthesis{these_modelisation,
  TITLE = {{Modelling inter-individual variability in plant growth models and model selection for prediction}},
  AUTHOR = {Baey, Charlotte},
  URL = {https://tel.archives-ouvertes.fr/tel-00985747},
  NUMBER = {2014ECAP0024},
  SCHOOL = {{Ecole Centrale Paris}},
  YEAR = {2014},
  MONTH = Feb,
  KEYWORDS = {MCMC methods ; Structural-functional models ; Nonlinear mixed models ; Plant growth models ; Mod{\`e}les de croissance de plantes ; Greenlab ; Mod{\`e}les non lin{\'e}aires mixtes ; Mod{\`e}les structure-fonction},
  TYPE = {Theses},
  PDF = {https://tel.archives-ouvertes.fr/tel-00985747/file/these_CBaey_2014.pdf},
  HAL_ID = {tel-00985747},
  HAL_VERSION = {v2},
}
@article{article_intro_generale,
  TITLE = {{Development and Evaluation of Plant Growth Models: Methodology and Implementation in the PYGMALION platform}},
  AUTHOR = {Courn{\`e}de, Paul-Henry and Chen, Yuting and Wu, Qiongli and Baey, Charlotte and Bayol, Beno{\^i}t},
  URL = {https://hal-ecp.archives-ouvertes.fr/hal-00860902},
  JOURNAL = {{Mathematical Modelling of Natural Phenomena}},
  PUBLISHER = {{EDP Sciences}},
  VOLUME = {8},
  NUMBER = {4},
  PAGES = {112-130},
  YEAR = {2013},
  MONTH = Jun,
  KEYWORDS = {good modelling practice ; sensitivity analysis ; uncertainty analysis ; parameter estimation ; particle filtering ; data assimilation ; plant growth models ; LNAS model},
  PDF = {https://hal-ecp.archives-ouvertes.fr/hal-00860902/file/Cournede_etal_2013_MMNP8_4_.pdf},
  HAL_ID = {hal-00860902},
  HAL_VERSION = {v1},
}
@online{histoire_mod_plantes,
  title = {Une histoire de la modélisation des plantes},
  author = {Philippe de Reffye and Marc Jaeger and Paul-Henry Cournède},
  url = {https://interstices.info/jcms/c_38032/une-histoire-de-la-modelisation-des-plantes},
  year = {2009},
  month = "04",
}
@article{lnas_model_wheat,
  title = {LNAS model for wheat with soil coupling},
  author = {Pierre Carmier},
  year = {2015},
  month = "11"
}
  @online{def-stomate,
  title = {Définition d'une stomate},
  author = {Wikipedia},
  url = {@online{histoire_mod_plantes,
  title = {Une histoire de la modélisation des plantes},
  author = {Philippe de Reffye and Marc Jaeger and Paul-Henry Cournède},
  url = {https://interstices.info/jcms/c_38032/une-histoire-de-la-modelisation-des-plantes},

  